@book{runeson2012case,
  title={Case study research in software engineering: Guidelines and examples},
  author={Runeson, Per and Host, Martin and Rainer, Austen and Regnell, Bjorn},
  year={2012},
  publisher={John Wiley \& Sons}
}

@book{SOA_patterns_2012,
  title={SOA patterns},
  author={Rotem-Gal-Oz, Arnon and Bruno, Eric and Dahan, Udi},
  year={2012},
  publisher={Manning}
}

@book{SOAAprocIntegr:2007,
  title={SOA Approach to Integration: XML, Web services, ESB, and BPEL in real-world SOA projects},
  author={Juric, Matjaz B},
  year={2007},
  publisher={Packt Publishing Ltd}
}

@misc{SOAIntBlueprint:2010,
  title={Service-Oriented Architecture—An Integration Blueprint},
  author={Liebhart, Daniel and Schmutz, Guido and Welkenbach, Peter},
  year={2010},
  publisher={Packt Publishing enterprise}
}

@book{RestApiDesign:2011,
  title={REST API design rulebook},
  author={Masse, Mark},
  year={2011},
  publisher={" O'Reilly Media, Inc."}
}

@INPROCEEDINGS{S04_IntLgSw:2006,
author={Sneed, H.M.},
booktitle={Software Maintenance and Reengineering, 2006. CSMR 2006. Proceedings of the 10th European Conference on},
title={Integrating legacy software into a service oriented architecture},
year={2006},
month={March},
pages={11 pp.-14},
keywords={Internet;XML;integrated software;software architecture;software maintenance;software tools;Web service;Web services description language;XML;company software assets;legacy code;legacy program;legacy software;service oriented architecture;system integration;tool supported method;wrapping technology;Application software;Electronic mail;Information systems;Information technology;Service oriented architecture;Software systems;Technological innovation;Web services;Wrapping;XML;Service Oriented Architecture;WSDL;XML;legacy software;system integration;web services;wrapping},
doi={10.1109/CSMR.2006.28},
ISSN={1534-5351},}

@article{S4_bennett1995legacy,
  title={Legacy systems: coping with success},
  author={Bennett, Keith},
  journal={Software, IEEE},
  volume={12},
  number={1},
  pages={19--23},
  year={1995},
  publisher={IEEE}
}


@inproceedings{Khadka:2014,
 author = {Khadka, Ravi and Batlajery, Belfrit V. and Saeidi, Amir M. and Jansen, Slinger and Hage, Jurriaan},
 title = {How Do Professionals Perceive Legacy Systems and Software Modernization?},
 booktitle = {Proceedings of the 36th International Conference on Software Engineering},
 series = {ICSE 2014},
 year = {2014},
 isbn = {978-1-4503-2756-5},
 location = {Hyderabad, India},
 pages = {36--47},
 numpages = {12},
 url = {http://doi.acm.org/10.1145/2568225.2568318},
 doi = {10.1145/2568225.2568318},
 acmid = {2568318},
 publisher = {ACM},
 address = {New York, NY, USA},
 keywords = {Empirical Studies, Grounded Theory, Legacy Modernization, Legacy Systems},
} 

@ARTICLE{Salvatierra:2013,
author={Salvatierra, G. and Mateos, C. and Crasso, M. and Zunino, A. and Campo, M.},
journal={Latin America Transactions, IEEE (Revista IEEE America Latina)},
title={Legacy System Migration Approaches},
year={2013},
month={March},
volume={11},
number={2},
pages={840-851},
keywords={expert systems;open systems;software maintenance;computational environments;hiring expert staff;interoperability issues;legacy system migration approaches;technologies background;Aging;Manuals;Semiconductor optical amplifiers;Service-oriented architecture;Unified modeling language;Black Box Modernization;Direct Migration;Indirect Migration;Legacy System Migration;Semi Automatic COBOL Migration;Services Oriented Architecture;System Modernization;System Replacement;White Box Modernization},
doi={10.1109/TLA.2013.6533975},
ISSN={1548-0992},}


@INPROCEEDINGS{S18_Comella:2000,
author={Comella-Dorda, S. and Wallnau, K. and Seacord, R.C. and Robert, J.},
booktitle={Software Maintenance, 2000. Proceedings. International Conference on},
title={A survey of black-box modernization approaches for information systems},
year={2000},
month={},
pages={173-183},
keywords={information systems;reviews;software maintenance;CGI integration;XML integration;black-box modernization approaches;commercial market;componentization;continuous updating;database gateways;evolving business practices;information systems;key knowledge;legacy system modernization;object-oriented wrapping;obsolescence;organizational viability;screen scraping;survey;system complexity;system fragility;system modification;technology evolution;Information systems},
doi={10.1109/ICSM.2000.883039},
ISSN={1063-6773},}

@techreport{S15_Comella-DordaASurvey2000,
title={A Survey of Legacy System Modernization Approaches},
author={Santiago Comella-Dorda and Kurt Wallnau and Robert Seacord and John Robert},
year={2000},
number={CMU/SEI-2000-TN-003 },
institution={Software Engineering Institute, Carnegie Mellon University},
address={Pittsburgh, PA},
url={http://resources.sei.cmu.edu/library/asset-view.cfm?AssetID=5093} } 

@inproceedings{Petersen:2008,
 author = {Petersen, Kai and Feldt, Robert and Mujtaba, Shahid and Mattsson, Michael},
 title = {Systematic Mapping Studies in Software Engineering},
 booktitle = {Proceedings of the 12th International Conference on Evaluation and Assessment in Software Engineering},
 series = {EASE'08},
 year = {2008},
 location = {Italy},
 pages = {68--77},
 numpages = {10},
 url = {http://dl.acm.org/citation.cfm?id=2227115.2227123},
 acmid = {2227123},
 publisher = {British Computer Society},
 address = {Swinton, UK, UK},
 keywords = {evidence based software engineering, systematic mapping studies, systematic reviews},
} 


@article{kitchenham:2004,
  title={Procedures for performing systematic reviews},
  author={Kitchenham, Barbara},
  journal={Keele, UK, Keele University},
  volume={33},
  number={2004},
  pages={1--26},
  year={2004}
}





%% Capítulo Taxonomia Modernização



@INPROCEEDINGS{Kotonya:2007,
author={Kotonya, G. and Hutchinson, J.},
booktitle={Commercial-off-the-Shelf (COTS)-Based Software Systems, 2007. ICCBSS '07. Sixth International IEEE Conference on},
title={A COTS-Based Approach for Evolving legacy Systems},
year={2007},
month={Feb},
pages={205-214},
keywords={object-oriented programming;software architecture;software maintenance;software packages;COTS software components;COTS-based component architectures;component-based method;legacy systems;post maintenance costs;Component architectures;Computer architecture;Computer bugs;Cost function;Documentation;Hardware;Probability distribution;Productivity;Risk management;Software maintenance},
doi={10.1109/ICCBSS.2007.1},}

@book{Seacord:2003,
 author = {Seacord, Robert C. and Plakosh, Daniel and Lewis, Grace A.},
 title = {Modernizing Legacy Systems: Software Technologies, Engineering Process and Business Practices},
 year = {2003},
 isbn = {0321118847},
 publisher = {Addison-Wesley Longman Publishing Co., Inc.},
 address = {Boston, MA, USA},
} 

@book{WILLIAMSON:2008,
 author = {WILLIAMSON, TOM LASZEWSKI JASON},
 title = {Oracle Modernization Solutions},
 year = {2008},
 isbn = {1847194648, 9781847194640},
 publisher = {Packt Publishing},
} 

@techreport{S12_WeidermanApproaches:1997,
title={Approaches to Legacy System Evolution},
author={Nelson Weiderman and Dennis Smith and Scott Tilley},
year={1997},
number={CMU/SEI-97-TR-014},
institution={Software Engineering Institute, Carnegie Mellon University},
address={Pittsburgh, PA},
url={http://resources.sei.cmu.edu/library/asset-view.cfm?AssetID=12919} }

@book{Demeyer:2013,
 author = {Demeyer, Serge and Ducasse, St{\'e}phane and Nierstrasz, Oscar},
 title = {Object Oriented Reengineering Patterns},
 year = {2013},
 isbn = {9783952334126},
 publisher = {Square Bracket Associates},
 address = {San Francisco, CA, USA},
} 


@ARTICLE{Chikofsky:1990,
author={Chikofsky, E.J. and Cross, J.H., II},
journal={Software, IEEE},
title={Reverse engineering and design recovery: a taxonomy},
year={1990},
month={Jan},
volume={7},
number={1},
pages={13-17},
keywords={nomenclature;software engineering;computer-aided software engineering;design recovery;enhancement;existing systems;forward engineering;maintenance;redocumentation;reengineering;restructuring;reverse-engineering approaches;taxonomy;Cloning;Control systems;Engineering drawings;Hardware;Reverse engineering;Software maintenance;Software performance;Software systems;Taxonomy;Water heating},
doi={10.1109/52.43044},
ISSN={0740-7459},}


%% Capitulo Modernization


@article {S17_Lucia:2008,
author = {De Lucia, Andrea and Francese, Rita and Scanniello, Giuseppe and Tortora, Genoveffa},
title = {Developing legacy system migration methods and tools for technology transfer},
journal = {Software: Practice and Experience},
volume = {38},
number = {13},
publisher = {John Wiley & Sons, Ltd.},
issn = {1097-024X},
url = {http://dx.doi.org/10.1002/spe.870},
doi = {10.1002/spe.870},
pages = {1333--1364},
keywords = {legacy systems, migration to the Web, reengineering, technology transfer},
year = {2008},
}

@article{Umar:2009,
title = "Reengineering for service oriented architectures: A strategic decision model for integration versus migration ",
journal = "Journal of Systems and Software ",
volume = "82",
number = "3",
pages = "448 - 462",
year = "2009",
note = "",
issn = "0164-1212",
doi = "http://dx.doi.org/10.1016/j.jss.2008.07.047",
url = "http://www.sciencedirect.com/science/article/pii/S0164121208001842",
author = "Amjad Umar and Adalberto Zordan",
}

@article{Colosimo:2009,
title = "Evaluating legacy system migration technologies through empirical studies ",
journal = "Information and Software Technology ",
volume = "51",
number = "2",
pages = "433 - 447",
year = "2009",
note = "",
issn = "0950-5849",
doi = "http://dx.doi.org/10.1016/j.infsof.2008.05.012",
url = "http://www.sciencedirect.com/science/article/pii/S0950584908000694",
author = "Massimo Colosimo and Andrea De Lucia and Giuseppe Scanniello and Genoveffa Tortora",
keywords = "Software migration",
keywords = "Empirical studies",
keywords = "Controlled experiments",
keywords = "Case studies",
keywords = "Technology transfer "
}


@article{Sward:2008,
 author = {Sward, Ricky E. and Whitacre, Kelly J.},
 title = {A Multi-language Service-oriented Architecture Using an Enterprise Service Bus},
 journal = {Ada Lett.},
 issue_date = {December 2008},
 volume = {28},
 number = {3},
 month = oct,
 year = {2008},
 issn = {1094-3641},
 pages = {85--90},
 numpages = {6},
 url = {http://doi.acm.org/10.1145/1454497.1454489},
 doi = {10.1145/1454497.1454489},
 acmid = {1454489},
 publisher = {ACM},
 address = {New York, NY, USA},
 keywords = {enterprise service bus, esb, multi-language development, service-oriented architecture, soa, software architecture},
} 





%% ACM


@inproceedings{Ahmad:2014:FAM:2578128.2578232,
 author = {Ahmad, Aakash and Babar, Muhammad Ali},
 title = {A Framework for Architecture-driven Migration of Legacy Systems to Cloud-enabled Software},
 booktitle = {Proceedings of the WICSA 2014 Companion Volume},
 series = {WICSA '14 Companion},
 year = {2014},
 isbn = {978-1-4503-2523-3},
 location = {Sydney, Australia},
 pages = {7:1--7:8},
 articleno = {7},
 numpages = {8},
 url = {http://doi.acm.org/10.1145/2578128.2578232},
 doi = {10.1145/2578128.2578232},
 acmid = {2578232},
 publisher = {ACM},
 address = {New York, NY, USA},
 keywords = {architecture-centric software migration, cloud computing, maintenance and evolution, reengineering, reverse engineering and evolution, service-driven architecture, software architecture},
} 

@inproceedings{Arcelli:2008:DPD:1370916.1370932,
 author = {Arcelli, Francesca and Tosi, Christian and Zanoni, Marco},
 title = {Can Design Pattern Detection Be Useful for Legacy Systemmigration Towards SOA?},
 booktitle = {Proceedings of the 2Nd International Workshop on Systems Development in SOA Environments},
 series = {SDSOA '08},
 year = {2008},
 isbn = {978-1-60558-029-6},
 location = {Leipzig, Germany},
 pages = {63--68},
 numpages = {6},
 url = {http://doi.acm.org/10.1145/1370916.1370932},
 doi = {10.1145/1370916.1370932},
 acmid = {1370932},
 publisher = {ACM},
 address = {New York, NY, USA},
 keywords = {design pattern detection, soa},
} 

@inproceedings{Khadka:2014:PPL:2568225.2568318,
 author = {Khadka, Ravi and Batlajery, Belfrit V. and Saeidi, Amir M. and Jansen, Slinger and Hage, Jurriaan},
 title = {How Do Professionals Perceive Legacy Systems and Software Modernization?},
 booktitle = {Proceedings of the 36th International Conference on Software Engineering},
 series = {ICSE 2014},
 year = {2014},
 isbn = {978-1-4503-2756-5},
 location = {Hyderabad, India},
 pages = {36--47},
 numpages = {12},
 url = {http://doi.acm.org/10.1145/2568225.2568318},
 doi = {10.1145/2568225.2568318},
 acmid = {2568318},
 publisher = {ACM},
 address = {New York, NY, USA},
 keywords = {Empirical Studies, Grounded Theory, Legacy Modernization, Legacy Systems},
} 


@inproceedings{Clavreul:2010:ILS:1810295.1810306,
 author = {Clavreul, Mickael and Barais, Olivier and J{\'e}z{\'e}quel, Jean-Marc},
 title = {Integrating Legacy Systems with MDE},
 booktitle = {Proceedings of the 32Nd ACM/IEEE International Conference on Software Engineering - Volume 2},
 series = {ICSE '10},
 year = {2010},
 isbn = {978-1-60558-719-6},
 location = {Cape Town, South Africa},
 pages = {69--78},
 numpages = {10},
 url = {http://doi.acm.org/10.1145/1810295.1810306},
 doi = {10.1145/1810295.1810306},
 acmid = {1810306},
 publisher = {ACM},
 address = {New York, NY, USA},
 keywords = {MDE, aspects, legacy systems, models},
} 

@inproceedings{Zhou:2011:ACA:1982185.1982199,
 author = {Zhou, Jiantao and Zheng, Shang and Jing, Delin and Yang, Hongji},
 title = {An Approach of Creative Application Evolution on Cloud Computing Platform},
 booktitle = {Proceedings of the 2011 ACM Symposium on Applied Computing},
 series = {SAC '11},
 year = {2011},
 isbn = {978-1-4503-0113-8},
 location = {TaiChung, Taiwan},
 pages = {54--58},
 numpages = {5},
 url = {http://doi.acm.org/10.1145/1982185.1982199},
 doi = {10.1145/1982185.1982199},
 acmid = {1982199},
 publisher = {ACM},
 address = {New York, NY, USA},
 keywords = {cloud computing, creative application, creative computing, software evolution},
} 


@inproceedings{Chenard:2012:TAD:2523599.2523609,
 author = {Ch{\'e}nard, Gino and Khriss, Isma\"{\i}l and Salah, Aziz},
 title = {Towards the Automatic Discovery of Platform Transformation Templates of Legacy Object-oriented Systems},
 booktitle = {Proceedings of the 6th International Workshop on Models and Evolution},
 series = {ME '12},
 year = {2012},
 isbn = {978-1-4503-1798-6},
 location = {Innsbruck, Austria},
 pages = {51--56},
 numpages = {6},
 url = {http://doi.acm.org/10.1145/2523599.2523609},
 doi = {10.1145/2523599.2523609},
 acmid = {2523609},
 publisher = {ACM},
 address = {New York, NY, USA},
 keywords = {code analysis, model-driven engineering, reverse engineering, software comprehension, software evolution, software modernization},
} 


@inproceedings{Hert:2011:MBN:2063076.2063085,
 author = {Hert, Matthias and Ghezzi, Giacomo and W\"{u}rsch, Michael and Gall, Harald C.},
 title = {How to "Make a Bridge to the New Town" Using OntoAccess},
 booktitle = {Proceedings of the 10th International Conference on The Semantic Web - Volume Part II},
 series = {ISWC'11},
 year = {2011},
 isbn = {978-3-642-25092-7},
 location = {Bonn, Germany},
 pages = {112--127},
 numpages = {16},
 url = {http://dl.acm.org/citation.cfm?id=2063076.2063085},
 acmid = {2063085},
 publisher = {Springer-Verlag},
 address = {Berlin, Heidelberg},
} 

@inproceedings{Nierstrasz:2005:ORP:2156761.2156763,
 author = {Nierstrasz, Oscar and Ducasse, St{\'e}phane and Demeyer, Serge},
 title = {Object-oriented Reengineering Patterns \&\#8212; an Overview},
 booktitle = {Proceedings of the 4th International Conference on Generative Programming and Component Engineering},
 series = {GPCE'05},
 year = {2005},
 isbn = {3-540-29138-5, 978-3-540-29138-1},
 location = {Tallinn, Estonia},
 pages = {1--9},
 numpages = {9},
 url = {http://dx.doi.org/10.1007/11561347_1},
 doi = {10.1007/11561347_1},
 acmid = {2156763},
 publisher = {Springer-Verlag},
 address = {Berlin, Heidelberg},
} 

@article{Nadera:2012:VFP:2077808.2077825,
 author = {Nadera, Beevi S. and Chitraprasad, D. and Chandra, Vinod S. S.},
 title = {The Varying Faces of a Program Transformation Systems},
 journal = {ACM Inroads},
 issue_date = {March 2012},
 volume = {3},
 number = {1},
 month = mar,
 year = {2012},
 issn = {2153-2184},
 pages = {49--55},
 numpages = {7},
 url = {http://doi.acm.org/10.1145/2077808.2077825},
 doi = {10.1145/2077808.2077825},
 acmid = {2077825},
 publisher = {ACM},
 address = {New York, NY, USA},
 keywords = {analysis tools, language transformation, legacy systems, meta-frameworks, migration},
} 

@inproceedings{Tilley:2010:MSA:1923947.1923998,
 author = {Tilley, Scott and Smith, Dennis and M\"{u}ller, Hausi A.},
 title = {Migrating to SOA: Approaches, Challenges, and Lessons Learned},
 booktitle = {Proceedings of the 2010 Conference of the Center for Advanced Studies on Collaborative Research},
 series = {CASCON '10},
 year = {2010},
 location = {Toronto, Ontario, Canada},
 pages = {371--373},
 numpages = {3},
 url = {http://dx.doi.org/10.1145/1923947.1923998},
 doi = {10.1145/1923947.1923998},
 acmid = {1923998},
 publisher = {IBM Corp.},
 address = {Riverton, NJ, USA},
} 

@inproceedings{Nierstrasz:2004:ORP:998675.999493,
 author = {Nierstrasz, Oscar and Demeyer, Serge},
 title = {Object-Oriented Reengineering Patterns},
 booktitle = {Proceedings of the 26th International Conference on Software Engineering},
 series = {ICSE '04},
 year = {2004},
 isbn = {0-7695-2163-0},
 pages = {734--735},
 numpages = {2},
 url = {http://dl.acm.org/citation.cfm?id=998675.999493},
 acmid = {999493},
 publisher = {IEEE Computer Society},
 address = {Washington, DC, USA},
} 


@inproceedings{Sneed:2001:RSC:602461.602469,
 author = {Sneed, Harry M.},
 title = {Recycling Software Components Extracted from Legacy Programs},
 booktitle = {Proceedings of the 4th International Workshop on Principles of Software Evolution},
 series = {IWPSE '01},
 year = {2001},
 isbn = {1-58113-508-4},
 location = {Vienna, Austria},
 pages = {43--51},
 numpages = {9},
 url = {http://doi.acm.org/10.1145/602461.602469},
 doi = {10.1145/602461.602469},
 acmid = {602469},
 publisher = {ACM},
 address = {New York, NY, USA},
 keywords = {measurement, reengineering, reuse, slicing, software recycling, wrapping},
} 


@inproceedings{Muller:1997:RES:253228.253799,
 author = {M\"{u}ller, Hausi A.},
 title = {Reverse Engineering Strategies for Software Migration (Tutorial)},
 booktitle = {Proceedings of the 19th International Conference on Software Engineering},
 series = {ICSE '97},
 year = {1997},
 isbn = {0-89791-914-9},
 location = {Boston, Massachusetts, USA},
 pages = {659--660},
 numpages = {2},
 url = {http://doi.acm.org/10.1145/253228.253799},
 doi = {10.1145/253228.253799},
 acmid = {253799},
 publisher = {ACM},
 address = {New York, NY, USA},
 keywords = {legacy systems, reverse engineering, software evolution, software migration, software reengineering},
} 

@inproceedings{Muller:2000:RER:336512.336526,
 author = {M\"{u}ller, Hausi A. and Jahnke, Jens H. and Smith, Dennis B. and Storey, Margaret-Anne and Tilley, Scott R. and Wong, Kenny},
 title = {Reverse Engineering: A Roadmap},
 booktitle = {Proceedings of the Conference on The Future of Software Engineering},
 series = {ICSE '00},
 year = {2000},
 isbn = {1-58113-253-0},
 location = {Limerick, Ireland},
 pages = {47--60},
 numpages = {14},
 url = {http://doi.acm.org/10.1145/336512.336526},
 doi = {10.1145/336512.336526},
 acmid = {336526},
 publisher = {ACM},
 address = {New York, NY, USA},
 keywords = {data reverse engineering, program comprehension, program understanding, reverse engineering, software analysis, software engineering, software evolution, software maintenance, software migration, software reengineering, software tools, tool adoption, tool evaluation},
} 

@article{Gall:1995:RDS:223427.211850,
 author = {Gall, Harald and Jazayeri, Mehdi and Kl\"{o}sch, Ren{\'e}},
 title = {Research Directions in Software Reuse: Where to Go from Here?},
 journal = {SIGSOFT Softw. Eng. Notes},
 issue_date = {Aug. 1995},
 volume = {20},
 number = {SI},
 month = aug,
 year = {1995},
 issn = {0163-5948},
 pages = {225--228},
 numpages = {4},
 url = {http://doi.acm.org/10.1145/223427.211850},
 doi = {10.1145/223427.211850},
 acmid = {211850},
 publisher = {ACM},
 address = {New York, NY, USA},
} 



%% IEEEE

@INPROCEEDINGS{1372148,
author={Bodhuin, T. and Tortorella, M.},
booktitle={Software Technology and Engineering Practice, 2003. Eleventh Annual International Workshop on},
title={Using grid technologies for Web-enabling legacy systems},
year={2003},
month={Sept},
pages={186-195},
keywords={Internet;grid computing;software maintenance;user interfaces;Internet;Web technologies;Web-enabling legacy systems;application domain;character-based user interface;distribution channels;dynamic activation;grid technologies;migration strategies;service discovery;software systems;Application software;Communications technology;Context-aware services;Internet;Memory management;Middleware;Software development management;Software systems;User interfaces;Web server},
doi={10.1109/STEP.2003.37},}


@INPROCEEDINGS{792579,
author={Serrano, M.A. and Montes de Oca, C. and Carver, D.L.},
booktitle={Software Maintenance, 1999. (ICSM '99) Proceedings. IEEE International Conference on},
title={Evolutionary migration of legacy systems to an object-based distributed environment},
year={1999},
month={},
pages={86-95},
keywords={client-server systems;object-oriented methods;software maintenance;systems re-engineering;ISA;data-cohesive hierarchical subsystem decomposition;legacy system migration;middleware technologies;object-based distributed environment;object-oriented component-based distributed systems;semiautomatic evolutionary migration methodology;software development paradigms;software evolution;Application software;Computer science;Costs;Distributed computing;Documentation;Electrical capacitance tomography;Hardware;Instruction sets;Middleware;Programming},
doi={10.1109/ICSM.1999.792579},
ISSN={1063-6773},}


@INPROCEEDINGS{S07_Zhang:2004,
author={Zhuopeng Zhang and Yang, H.},
booktitle={Software Engineering Conference, 2004. 11th Asia-Pacific},
title={Incubating services in legacy systems for architectural migration},
year={2004},
month={Nov},
pages={196-203},
keywords={Internet;open systems;software architecture;software maintenance;systems re-engineering;Web service;business environment;hierarchical clustering algorithm;legacy system;service-oriented architecture;software reengineering;Application software;Business process re-engineering;Clustering algorithms;Laboratories;Logic;Service oriented architecture;Software engineering;Software systems;Web services;Wrapping;Hierarchical Clustering;Legacy System;Service-Oriented Architectures (SOA);Software Evolution;Software Reengineering;Web},
doi={10.1109/APSEC.2004.61},
ISSN={1530-1362},}


@INPROCEEDINGS{1467942,
author={Wu, L. and Sahraoui, H. and Valtchev, P.},
booktitle={Engineering of Complex Computer Systems, 2005. ICECCS 2005. Proceedings. 10th IEEE International Conference on},
title={Coping with legacy system migration complexity},
year={2005},
month={June},
pages={600-609},
keywords={divide and conquer methods;formal specification;program diagnostics;program visualisation;software architecture;software maintenance;software metrics;system documentation;architecture recovery;business logic;code revisions;decomposition algorithm;divide-and-conquer techniques;dynamic program analysis;entropy;fuzzy prioritization;knowledge recovery;legacy system migration complexity;procedural languages;software architecture;software design;software documentation;software maintenance;software visualization;system engineering;Appropriate technology;Computer architecture;Computer science;Costs;Documentation;Entropy;Fuzzy logic;Investments;Systems engineering and theory;Visualization;architecture recover;business logic;decomposition algorithm;fuzzy prioritization;legacy software;migration complexity},
doi={10.1109/ICECCS.2005.29},}


@INPROCEEDINGS{6747220,
author={Jelschen, J.},
booktitle={Software Maintenance, Reengineering and Reverse Engineering (CSMR-WCRE), 2014 Software Evolution Week - IEEE Conference on},
title={SENSEI: Software evolution service integration},
year={2014},
month={Feb},
pages={469-472},
keywords={object-oriented programming;open systems;service-oriented architecture;software maintenance;software reusability;software tools;SENSEI;complex legacy software systems;component-based methods;interoperability;model-driven methods;reusability;service-oriented methods;software evolution service integration;software evolution tools;Abstracts;Catalogs;Concrete;Interoperability;Measurement;Software;Taxonomy},
doi={10.1109/CSMR-WCRE.2014.6747220},}


@INPROCEEDINGS{1311070,
author={Tahvildari, L. and Kontogiannis, Kostas},
booktitle={Program Comprehension, 2004. Proceedings. 12th IEEE International Workshop on},
title={Requirements driven software evolution},
year={2004},
month={June},
pages={258-259},
keywords={formal verification;integrated software;program testing;software architecture;software prototyping;systems re-engineering;formal verification;integrated software;legacy system;operating environment;program testing;requirements driven software evolution;software architecture;software life cycle;software re-engineering;Algorithm design and analysis;Application software;Computer architecture;Computer industry;Software design;Software measurement;Software quality;Software systems;Software tools;System testing},
doi={10.1109/WPC.2004.1311070},
ISSN={1092-8138},}


@INPROCEEDINGS{1372147,
author={Ying Zou},
booktitle={Software Technology and Engineering Practice, 2003. Eleventh Annual International Workshop on},
title={Incorporating quality requirements in software migration process},
year={2003},
month={Sept},
pages={175-185},
keywords={formal specification;object-oriented programming;software maintenance;software quality;software reusability;systems re-engineering;legacy software systems;nonfunctional requirements;object model;object oriented platforms;quality driven software migration framework;quality migrant object oriented code;quality models;quality requirements;quality-driven transformation process;software maintainability;software migration process;software transformations;state transition system;systems reengineering;target migrant systems;transformation rules;Character generation;Computer vision;Documentation;Maintenance engineering;Object oriented modeling;Programming;Security;Software metrics;Software quality;Software systems},
doi={10.1109/STEP.2003.15},}


@INPROCEEDINGS{4659243,
author={Lewis, G.A. and Smith, D.B.},
booktitle={Frontiers of Software Maintenance, 2008. FoSM 2008.},
title={Service-Oriented Architecture and its implications for software maintenance and evolution},
year={2008},
month={Sept},
pages={1-10},
keywords={software architecture;software maintenance;legacy systems;service-oriented architecture;software evolution;software maintenance;Application software;Best practices;Business;Mission critical systems;Process design;Semiconductor optical amplifiers;Service oriented architecture;Software engineering;Software maintenance;Software systems},
doi={10.1109/FOSM.2008.4659243},}



@INPROCEEDINGS{6619488,
author={Book, M. and Grapenthin, S. and Gruhn, V.},
booktitle={Software Engineering and Advanced Applications (SEAA), 2013 39th EUROMICRO Conference on},
title={Risk-aware Migration of Legacy Data Structures},
year={2013},
month={Sept},
pages={53-56},
keywords={business process re-engineering;data structures;information systems;risk management;software maintenance;business functionality;business processes;financial service domain;large-scale information systems;legacy application evolution;legacy application maintenance;legacy data structure evolution;migration project;risk-aware legacy data structure migration;technical stability;value-based approach;Aging;Banking;Data structures;Information systems;Investment;Software engineering;Value orientation;legacy systems;migration},
doi={10.1109/SEAA.2013.25},}


@INPROCEEDINGS{1602355,
author={Canfora, G. and Fasolino, A.R. and Frattolillo, G. and Tramontana, P.},
booktitle={Software Maintenance and Reengineering, 2006. CSMR 2006. Proceedings of the 10th European Conference on},
title={Migrating interactive legacy systems to Web services},
year={2006},
month={March},
pages={10 pp.-36},
keywords={Internet;finite state machines;human computer interaction;program interpreters;reverse engineering;software architecture;software maintenance;Web service;black box reverse engineering;finite state automaton interpreter;interactive legacy system;legacy interface;service-oriented computing;software architecture;user-legacy system interaction;wrapping methodology;Application software;Automata;Computer interfaces;Reverse engineering;Software architecture;Software maintenance;Software systems;US Department of Transportation;Web services;Wrapping},
doi={10.1109/CSMR.2006.34},
ISSN={1534-5351},}


@ARTICLE{6624108,
author={Jamshidi, P. and Ahmad, A. and Pahl, C.},
journal={Cloud Computing, IEEE Transactions on},
title={Cloud Migration Research: A Systematic Review},
year={2013},
month={July},
volume={1},
number={2},
pages={142-157},
keywords={cloud computing;research and development;SLR;architectural adaptation;business-critical systems;characterization framework;cloud migration research;legacy applications;legacy-to-cloud migration;self-adaptive cloud-enabled systems;software systems;systematic literature review;Cloud computing;Research initiatives;Semiconductor optical amplifiers;Service-oriented architecture;Systematics;Cloud computing;cloud migration;legacy-to-cloud migration;systematic literature review},
doi={10.1109/TCC.2013.10},
ISSN={2168-7161},}



@INPROCEEDINGS{1245358,
author={Bing Qiao and Yang, H. and Chu, W.C. and Baowen Xu},
booktitle={Computer Software and Applications Conference, 2003. COMPSAC 2003. Proceedings. 27th Annual International},
title={Bridging legacy systems to model driven architecture},
year={2003},
month={Nov},
pages={304-309},
keywords={middleware;reverse engineering;software architecture;software management;specification languages;systems re-engineering;MDA;Model Driven Architecture;OMG;RWSL;architecture description language;architecture recovery;distributed system;legacy systems;middleware;model driven architecture;reengineering wide spectrum language;reverse engineering;software architecture;software design;software implementation;system evolution;Architecture description languages;Computer architecture;Data mining;LAN interconnection;Middleware;Reverse engineering;Software architecture;Software design;Unified modeling language;XML},
doi={10.1109/CMPSAC.2003.1245358},
ISSN={0730-3157},}



@ARTICLE{947084,
author={Raijlich, V. and Wilde, N. and Buckellew, M. and Page, H.},
journal={Computer},
title={Software cultures and evolution},
year={2001},
month={Sep},
volume={34},
number={9},
pages={24-28},
keywords={reverse engineering;software engineering;software management;close-down stage;evolution stage;functional changes;functioning version;hardware environment;inefficiency;initial development stage;legacy code;phase-out stage;program comprehension;programmer background;programming techniques;servicing stage;software cultures;software engineering;software evolution;software repairs;system capabilities extension;system replacement;system withdrawal;user needs;value;Art;Computer science;Ethics;Genetic programming;Hardware;Humans;Printers;Programming profession;Software systems;Solid modeling},
doi={10.1109/2.947084},
ISSN={0018-9162},}


@INPROCEEDINGS{5741334,
author={Frey, S. and Hasselbring, Wilhelm},
booktitle={Software Maintenance and Reengineering (CSMR), 2011 15th European Conference on},
title={An Extensible Architecture for Detecting Violations of a Cloud Environment's Constraints during Legacy Software System Migration},
year={2011},
month={March},
pages={269-278},
keywords={Java;cloud computing;constraint handling;public domain software;software architecture;software maintenance;CloudMIG;Google App engine;Java;KDM-based model;PaaS environment;SaaS provider;arbitrary constraint modeling;cloud environment;cloud infrastructure;constraint validator;constraint violation detection;domain semantics;extensible architecture;knowledge discovery-meta model;legacy software system migration;model-based approach;open source system;software maintenance;software stack;software system compliance;validation process;Adaptation model;Biological system modeling;Computer architecture;Engines;Google;Java;Software systems;Cloud computing;Cloud environment constraints;CloudMIG;Constraint validation;KDM;Migration to the cloud},
doi={10.1109/CSMR.2011.33},
ISSN={1534-5351},}


@INPROCEEDINGS{6398039,
author={Pedraza-Garcia, G. and Forero y Diana Melo, M.},
booktitle={Computing Congress (CCC), 2012 7th Colombian},
title={A web services based solution for integrating legacy applications},
year={2012},
month={Oct},
pages={1-6},
keywords={Web services;aspect-oriented programming;business data processing;information technology;software maintenance;software process improvement;Web services-based solution;aspect-oriented modeling;business processes;business requirement complexity;enterprise applications;information technology support;legacy applications;legacy software;legacy system evolution;service orientation;software applications;software obsolescence;software systems;value chains;wrappers;Aging;Business;Java;Simple object access protocol;XML;Legacy software;Service approach;Web Services},
doi={10.1109/ColombianCC.2012.6398039},}


@INPROCEEDINGS{6935485,
author={Hui Guan and Xuan Wang and Hongji Yang},
booktitle={Automation and Computing (ICAC), 2014 20th International Conference on},
title={A framework for security driven software evolution},
year={2014},
month={Sept},
pages={194-199},
keywords={ontologies (artificial intelligence);risk management;security of data;software maintenance;source code (software);comprehensive approach;legacy source code;legacy systems;model driven approach;nonfunctional requirement;security driven software evolution framework;security engineering integration;security level improvement;security ontology;security pattern integration;security requirements;security risk analysis;software system;Aging;Context;Object oriented modeling;Ontologies;Security;Software;Unified modeling language;model driven;ontolog;security pattern;security requirment;software evolution},
doi={10.1109/IConAC.2014.6935485},}


@INPROCEEDINGS{6472567,
author={Massoud, A. and Dumke, R.},
booktitle={Software Measurement and the 2012 Seventh International Conference on Software Process and Product Measurement (IWSM-MENSURA), 2012 Joint Conference of the 22nd International Workshop on},
title={Efficient Reference Architecture for Integrated Legacy Applications based-SOA},
year={2012},
month={Oct},
pages={60-69},
keywords={asset management;business process re-engineering;organisational aspects;service-oriented architecture;software maintenance;software prototyping;automation architectural patterns;business logic;candidate service identification;efficient reference architecture;enterprise business goals;integrated business services;integrated legacy application based-SOA;legacy code;legacy financial system;legacy plant asset management system;legacy software asset migration;migration maturity;modern enterprise paradigm;organizational priorities;quality requirements;service-oriented architecture;Computer architecture;Organizations;Service-oriented architecture;Standards organizations;Tires;Integration Efficiency;Web Service; Integration Business Logic},
doi={10.1109/IWSM-MENSURA.2012.17},}


@INPROCEEDINGS{6903160,
author={Hallmans, D. and Jagemar, M. and Larsson, S. and Nolte, T.},
booktitle={Computer Software and Applications Conference Workshops (COMPSACW), 2014 IEEE 38th International},
title={Identifying Evolution Problems for Large Long Term Industrial Evolution Systems},
year={2014},
month={July},
pages={384-389},
keywords={IEC standards;ISO standards;embedded systems;maintenance engineering;mobile communication;power transmission;systems engineering;ISO/IEC 15288 development process;LTIES;evolution problem identification;incremental development;industrial embedded systems;large long term industrial evolution systems;life cycle issues;mobile telecommunication;power transmission;system development;systems engineering standard;Embedded systems;Hardware;IEC standards;ISO standards;Production;Retirement;System Development Procedure;System Development Stages;System Evolution},
doi={10.1109/COMPSACW.2014.66},}


@INPROCEEDINGS{4483115,
author={Cuadrado, F. and Garcia, B. and Dueas, J.C. and Parada, H.A.},
booktitle={Advanced Information Networking and Applications - Workshops, 2008. AINAW 2008. 22nd International Conference on},
title={A Case Study on Software Evolution towards Service-Oriented Architecture},
year={2008},
month={March},
pages={1399-1404},
keywords={Web services;medical image processing;open systems;software architecture;software maintenance;software prototyping;system recovery;interoperable services;legacy system architecture;medical imaging system;service-oriented architecture;software evolution;system recovery;Application software;Biomedical imaging;Computer architecture;Computer bugs;Costs;ISO standards;Open source software;Service oriented architecture;Software debugging;Software maintenance;OSGi.;SOA;Software evolution;architecture recovery;services platform},
doi={10.1109/WAINA.2008.296},}


@INPROCEEDINGS{6822205,
author={Reis Santana, H.E. and de Figueiredo Carneiro, G.},
booktitle={Information Technology: New Generations (ITNG), 2014 11th International Conference on},
title={A Decision Process to Migrate Legacy Systems to SOA},
year={2014},
month={April},
pages={243-248},
keywords={service-oriented architecture;software maintenance;SOA;legacy systems;service oriented architectures;software engineering;Aging;Catalogs;Context;Maintenance engineering;Organizations;Semiconductor optical amplifiers;Service-oriented architecture;Legacy Systems;Service Oriented Architecture;Software Maintenance;Software Modernization},
doi={10.1109/ITNG.2014.53},}


@INPROCEEDINGS{5557285,
author={Alahmari, S. and Zaluska, E. and De Roure, D.},
booktitle={Services Computing (SCC), 2010 IEEE International Conference on},
title={A Service Identification Framework for Legacy System Migration into SOA},
year={2010},
month={July},
pages={614-617},
keywords={Web services;business process re-engineering;software architecture;SOA meta-model;SOA-based systems;business re-engineering;coarse-grained services;legacy software systems;legacy system migration;model-driven architecture approach;optimal service granularity;service identification framework;service-oriented architecture;Business;Conferences;Measurement;Object oriented modeling;Portfolios;Service oriented architecture;Unified modeling language;Architecture modeling;Legacy systems;SOA;Service computing;Service granularity},
doi={10.1109/SCC.2010.56},}


@INPROCEEDINGS{6077006,
author={Chun-Yen Wang and Phone Lin and Chi-Sheng Shih and Huai-Lei Fu and Jeu-Yih Jeng},
booktitle={Network Operations and Management Symposium (APNOMS), 2011 13th Asia-Pacific},
title={A middleware approach for migration of legacy telecom Operational Support Systems into NGOSS-compliant},
year={2011},
month={Sept},
pages={1-7},
keywords={middleware;software maintenance;telecommunication computing;Java initiative service provisioning;NGOSS-compliant;legacy telecom;middleware architecture;next generation operations systems and software;operational support systems;telemanagement forum;Computer architecture;Middleware;Mobile communication;Servers;Silicon;Telecommunication services;Middleware;NGOSS;OSS/J;Service Provisioning},
doi={10.1109/APNOMS.2011.6077006},}


@INPROCEEDINGS{5929124,
author={Bhallamudi, P. and Tilley, S.},
booktitle={Systems Conference (SysCon), 2011 IEEE International},
title={SOA migration case studies and lessons learned},
year={2011},
month={April},
pages={123-128},
keywords={evolutionary computation;failure analysis;learning (artificial intelligence);service-oriented architecture;software maintenance;software reliability;SOA;enterprise system management;evolution process framework;failure analysis;lessons learning;migration approach;service-oriented architecture;services model;Organizations;Security;Semiconductor optical amplifiers;Service oriented architecture;Standards;Testing;Case study;Lessons Learned;Migration;SOA},
doi={10.1109/SYSCON.2011.5929124},}


@INPROCEEDINGS{4283910,
author={Cetin, Semih and Altintas, N. Ilker and Oguztuzun, Halit and Dogru, Ali H. and Tufekci, Ozgur and Suloglu, Selma},
booktitle={Pervasive Services, IEEE International Conference on},
title={A Mashup-Based Strategy for Migration to Service-Oriented Computing},
year={2007},
month={July},
pages={169-172},
keywords={Web services;embedded systems;software maintenance;software portability;ubiquitous computing;Web service;domain-specific-kit;embedded software;legacy software migration;mashup-based strategy;on-demand service;pervasive service-oriented computing;service harmonization platform;software factory automation;Application software;Computer vision;Context-aware services;Embedded software;Information technology;Manufacturing automation;Mashups;Pervasive computing;Quality of service;Web services},
doi={10.1109/PERSER.2007.4283910},}


@INPROCEEDINGS{4299904,
author={Cetin, S. and Ilker Altintas, N. and Oguztuzun, H. and Dogru, A.H. and Tufekci, O. and Suloglu, S.},
booktitle={Software Engineering Advances, 2007. ICSEA 2007. International Conference on},
title={Legacy Migration to Service-Oriented Computing with Mashups},
year={2007},
month={Aug},
pages={21-21},
keywords={Web services;software maintenance;Web 2.0 MASHUP technology;choreography engine;domain-specific-kits;legacy software migration;migration to service harmonization computing platform;service-oriented computing model;software factory automation;Application software;Computational modeling;Computer architecture;Costs;Information technology;Logic;Mashups;Quality of service;Service oriented architecture;Web services},
doi={10.1109/ICSEA.2007.49},}


@INPROCEEDINGS{5734262,
author={Baghdadi, Y.},
booktitle={GCC Conference Exhibition, 2009 5th IEEE},
title={A metadata for Web services architecture: A framework for service-oriented software development},
year={2009},
month={March},
pages={1-6},
keywords={Web services;meta data;service-oriented architecture;Internet;SOS development life cycle;Web services architecture;Web services stack;composition service perspective;legacy systems service perspective;meta data;service deployment perspective;service specification perspective;service-oriented computing;service-oriented software;service-oriented software development;Business;Servers;Service oriented architecture;Software;System-on-a-chip;Wrapping},
doi={10.1109/IEEEGCC.2009.5734262},}


@INPROCEEDINGS{4400179,
author={Garcia-Rodriguez de Guzman, I.},
booktitle={Reverse Engineering, 2007. WCRE 2007. 14th Working Conference on},
title={PRESSWEB: A Process to Reengineer Legacy Systems towards Web Services},
year={2007},
month={Oct},
pages={285-288},
keywords={Web services;relational databases;software maintenance;systems re-engineering;PRESSWEB;Web services;legacy system reengineering;relational databases;service oriented architecture;Application software;Data mining;Object oriented databases;Object oriented modeling;Relational databases;Research and development;Reverse engineering;Service oriented architecture;Software engineering;Web services},
doi={10.1109/WCRE.2007.37},
ISSN={1095-1350},}


@INPROCEEDINGS{6903309,
author={Sosa-Sanchez, E. and Clemente, P.J. and Sanchez-Cabrera, M. and Conejero, J.M. and Rodriguez-Echeverria, R. and Sanchez-Figueroa, F.},
booktitle={Services (SERVICES), 2014 IEEE World Congress on},
title={Service Discovery Using a Semantic Algorithm in a SOA Modernization Process from Legacy Web Applications},
year={2014},
month={June},
pages={470-477},
keywords={Internet;business data processing;open systems;service-oriented architecture;software maintenance;software reusability;LWA;MVC;SOA modernization process;business processes;error-prone manual processes;interoperable service layer;legacy Web applications;model-driven techniques;model-view controller;semantic algorithm;service discovery;service-oriented architectures;software factories;system maintainability;system reusability;Companies;Dictionaries;Semantics;Service-oriented architecture;Unified modeling language;Reverse engineering;model-driven engineering;semantic algorithms;service discovery;service- oriented architecture;web applications},
doi={10.1109/SERVICES.2014.90},}


@INPROCEEDINGS{S35_BingWu:1997,
author={Bing Wu and Lawless, D. and Bisbal, J. and Grimson, J. and Wade, V. and O'Sullivan, D. and Richardson, R.},
booktitle={Software Engineering Conference, 1997. Asia Pacific ... and International Computer Science Conference 1997. APSEC '97 and ICSC '97. Proceedings},
title={Legacy systems migration-a method and its tool-kit framework},
year={1997},
month={Dec},
pages={312-320},
keywords={business data processing;information systems;programming environments;software portability;systems re-engineering;Butterfly methodology;data migration;data migration engine;information systems;interoperation;legacy systems migration;mission-critical legacy systems;open systems;software portability;toolkit framework;Application software;Computer science;Design engineering;Educational institutions;Engines;Maintenance engineering;Mission critical systems;Resists;System performance;Systems engineering and theory},
doi={10.1109/APSEC.1997.640188},}



@INPROCEEDINGS{6080783,
author={Khadka, R. and Reijnders, G. and Saeidi, A. and Jansen, S. and Hage, J.},
booktitle={Software Maintenance (ICSM), 2011 27th IEEE International Conference on},
title={A method engineering based legacy to SOA migration method},
year={2011},
month={Sept},
pages={163-172},
keywords={business data processing;program slicing;service-oriented architecture;social aspects of automation;software maintenance;SOA migration method;SOA system;architectural style;complex core business processes;concept slicing;economical feasibility;legacy code;legacy systems;method engineering based legacy;method fragments;migration feasibility;service migration;service-oriented architecture;service-oriented development methods;technical feasibility;technical perspectives;Maintenance engineering;Portfolios;Project management;Service oriented architecture;Testing},
doi={10.1109/ICSM.2011.6080783},
ISSN={1063-6773},}


@INPROCEEDINGS{6498512,
author={Bergmayr, A. and Bruneliere, H. and Canovas Izquierdo, J.L. and Gorronogoitia, J. and Kousiouris, G. and Kyriazis, D. and Langer, P. and Menychtas, A. and Orue-Echevarria, L. and Pezuela, C. and Wimmer, M.},
booktitle={Software Maintenance and Reengineering (CSMR), 2013 17th European Conference on},
title={Migrating Legacy Software to the Cloud with ARTIST},
year={2013},
month={March},
pages={465-468},
keywords={cloud computing;cost reduction;reverse engineering;risk management;software maintenance;software quality;ARTIST;MDE;business aspect;business model;cloud computing;cloud-based software;cost reduction;forward engineering;legacy software migration;model-driven engineering;operating software;reverse engineering;risk reduction;software delivery;software modernization management;software quality improvement;technical aspect;time reduction;Biological system modeling;Business;Europe;Reverse engineering;Software as a service;Unified modeling language;Cloud Computing;Model-driven Engineering;Software Migration;Software Modernization},
doi={10.1109/CSMR.2013.73},
ISSN={1534-5351},}


@INPROCEEDINGS{6721915,
author={Alkazemi, B.Y. and Nour, M.K. and Meelud, A.Q.},
booktitle={Systems, Man, and Cybernetics (SMC), 2013 IEEE International Conference on},
title={Towards a Framework to Assess Legacy Systems},
year={2013},
month={Oct},
pages={924-928},
keywords={business data processing;middleware;organisational aspects;software architecture;software maintenance;software performance evaluation;CEO;Saudi Arabia;business needs;business operations;legacy software systems;legacy system architecture;legacy system assessment;middleware;off-the-shelf systems;organizations;system rearchitecture;Aging;Context;Educational institutions;Organizations;Software systems;Standards organizations;Assessment;Framework;Legacy Systems;Software Evolution},
doi={10.1109/SMC.2013.162},}


@INPROCEEDINGS{913220,
author={Mikkonen, T. and Lahde, E. and Niemi, J. and Siiskonen, M.},
booktitle={Principles of Software Evolution, 2000. Proceedings. International Symposium on},
title={Managing software evolution with the service concept},
year={2000},
month={},
pages={46-50},
keywords={software development management;software maintenance;software reusability;telecommunication computing;service concept;software components;software evolution management;software maintenance;software-intensive systems;telecommunications system software;virtual architecture;Collaboration;Collaborative software;Computer architecture;Documentation;Embedded software;Mobile handsets;Programming profession;Software maintenance;Software systems;System software},
doi={10.1109/ISPSE.2000.913220},}


@INPROCEEDINGS{5482334,
author={Mulcahy, J.J. and Shihong Huang and Veghte, A.B.},
booktitle={Systems Conference, 2010 4th Annual IEEE},
title={Leveraging service-oriented architecture to extend a legacy commerce system},
year={2010},
month={April},
pages={243-248},
keywords={business data processing;enterprise resource planning;software architecture;software maintenance;software reusability;electronic shipping label requests;international shipping company;legacy enterprise system;legacy software system;multichannel commerce enterprise system;service-oriented architecture;software maintenance;software systems;legacy software systems;service-oriented architecture (SOA);software maintenance;software reuse;systems integration;systems of systems},
doi={10.1109/SYSTEMS.2010.5482334},}


@INPROCEEDINGS{S29_Chung:2007,
author={Sam Chung and An, J.B.C. and Davalos, S.},
booktitle={System Sciences, 2007. HICSS 2007. 40th Annual Hawaii International Conference on},
title={Service-Oriented Software Reengineering: SoSR},
year={2007},
month={Jan},
pages={172c-172c},
keywords={information systems;object-oriented programming;retail data processing;software maintenance;systems re-engineering;business process engine;database server;legacy system;loosely coupled software component;retail business information system;service-oriented computing;service-oriented software reengineering;Application software;Business process re-engineering;Dynamic programming;Information systems;Object oriented modeling;Performance evaluation;Service oriented architecture;Software design;Software systems;Unified modeling language},
doi={10.1109/HICSS.2007.479},
ISSN={1530-1605},}


@INPROCEEDINGS{4725618,
author={Zhao Mingyan and Yanzhang, Wang and Cao Xiaodong and Xiang Kai},
booktitle={Computational Intelligence and Design, 2008. ISCID '08. International Symposium on},
title={Service-Oriented Dynamic Evolution Model},
year={2008},
month={Oct},
volume={1},
pages={322-326},
keywords={software architecture;software maintenance;SOA;SOEM model;process management system;service-oriented dynamic evolution;service-oriented software evolution process;software system;Application software;Computer architecture;Logic;Object oriented modeling;Reflection;Runtime;Service oriented architecture;Software architecture;Software maintenance;Software systems;SOA;Service-Oriented Evolution;Software Dynamic Evolution},
doi={10.1109/ISCID.2008.147},}


@INPROCEEDINGS{4730458,
author={Bo Zhang and Liang Bao and Rumin Zhou and Shengming Hu and Ping Chen},
booktitle={Service-Oriented System Engineering, 2008. SOSE '08. IEEE International Symposium on},
title={A Black-Box Strategy to Migrate GUI-Based Legacy Systems to Web Services},
year={2008},
month={Dec},
pages={25-31},
keywords={Web services;graphical user interfaces;software architecture;software maintenance;GUI;Web Services;black-box strategy;graphical user interfaces;legacy systems;service-oriented architecture;service-oriented computing;wrapping methodology;Application software;Business;Costs;Graphical user interfaces;Investments;Service oriented architecture;Software engineering;Systems engineering and theory;Web services;Wrapping;GUI;Legacy Migration;SOA},
doi={10.1109/SOSE.2008.8},}


@INPROCEEDINGS{6308242,
author={Bin Cai and Feng Xu and Feng Ye and Wenhuan Zhou},
booktitle={Automation and Logistics (ICAL), 2012 IEEE International Conference on},
title={Research and application of migrating legacy systems to the private cloud platform with cloudstack},
year={2012},
month={Aug},
pages={400-404},
keywords={Web services;business data processing;cloud computing;information systems;public domain software;service-oriented architecture;software maintenance;virtualisation;Citrix Systems;SOA;Web services technology;aging hardware environment;cloud computing;cloudstack;code modification;cost-effective solution;decomposition analysis;enterprise private cloud platform;legacy system migration;open source cloud platform;private cloud-based information systems management model;virtualization technology;Aging;Cloud computing;Floods;Information systems;Servers;Virtual machining;Legacy Information System(LIS);Private cloud platform;cloudstack;system migration;virtualization},
doi={10.1109/ICAL.2012.6308242},
ISSN={2161-8151},}



@INPROCEEDINGS{1334764,
author={Canfora, G.},
booktitle={Software Evolution, 2004. Proceedings. 7th International Workshop on Principles of},
title={Software evolution in the era of software services},
year={2004},
month={Sept},
pages={9-18},
keywords={software maintenance;service-oriented architectures;software components;software evolution;software maintenance;software services;Biological information theory;Evolution (biology);Feedback;Legislation;Pattern analysis;Service oriented architecture;Software engineering;Software maintenance;Software systems;Technological innovation},
doi={10.1109/IWPSE.2004.1334764},
ISSN={15504077},}


@ARTICLE{6840824,
author={Erdweg, S. and Fehrenbach, S. and Ostermann, K.},
journal={Software, IEEE},
title={Evolution of Software Systems with Extensible Languages and DSLs},
year={2014},
month={Sept},
volume={31},
number={5},
pages={68-75},
keywords={high level languages;software maintenance;DSL;SugarJ programming language;domain-specific languages;extensible languages;software system evolution;software system maintainability;DSL;Domain specific languages;Embedded systems;Java;Maintenance engineering;Programming;Software systems;Syntactics;SugarJ;domain-specific languages;extensible programming languages;language embedding;legacy applications;software engineering;software evolution;software maintenance},
doi={10.1109/MS.2014.99},
ISSN={0740-7459},}



@INPROCEEDINGS{5319419,
author={Youtian Qu and Fang Liu and Lili Zhong and Chaonan Wang},
booktitle={Software Engineering, 2009. WCSE '09. WRI World Congress on},
title={Research and Application of Reusing Enterprise Legacy Systems Based on Web Service},
year={2009},
month={May},
volume={3},
pages={325-329},
keywords={Web services;business data processing;software maintenance;software reusability;Web service;college credit calculating system;enterprise legacy software system reusability;software engineering;tuition calculating system;Application software;Chaos;Costs;Educational institutions;Mathematics;Physics;Software engineering;Software systems;Systems engineering and theory;Web services;legacy system;reuse;software engineering;web service},
doi={10.1109/WCSE.2009.214},}


@INPROCEEDINGS{6049038,
author={Chapin, N.},
booktitle={Maintenance and Evolution of Service-Oriented and Cloud-Based Systems (MESOCA), 2011 International Workshop on the},
title={Intermediate SOA maintenance and evolution},
year={2011},
month={Sept},
pages={1-7},
keywords={organisational aspects;service-oriented architecture;software maintenance;software tools;SOA;legacy software;organizations;service-oriented architecture;software evolution;software maintenance;software tools;Information systems;Maintenance engineering;Organizations;Personnel;Semiconductor optical amplifiers;Service oriented architecture;Cloud computing;IOA;SOA technology;SoaML;legacy software;service orientation;software evolution;software maintenance},
doi={10.1109/MESOCA.2011.6049038},}


@INPROCEEDINGS{4031163,
author={Millard, D.E. and Howard, Yvonne and Chennupati, S. and Davis, H.C. and Jam, E.-R. and Gilbert, L. and Wills, G.B.},
booktitle={Web Services, 2006. ECOWS '06. 4th European Conference on},
title={Design Patterns for Wrapping Similar Legacy Systems with Common Service Interfaces},
year={2006},
month={Dec},
pages={191-200},
keywords={Web services;computer aided instruction;object-oriented programming;software architecture;software maintenance;Web services;design patterns;distributed systems;e-learning;interoperability;legacy software;legacy systems;lowest common denominator pattern;most popular pattern;negotiated interfaces;service interface;Application software;Computer science;Databases;Electronic learning;Service oriented architecture;Simple object access protocol;Web services;Wrapping;Writing;XML},
doi={10.1109/ECOWS.2006.14},}


@INPROCEEDINGS{6385114,
author={Espinha, T. and Zaidman, A. and Gross, H.-G.},
booktitle={Reverse Engineering (WCRE), 2012 19th Working Conference on},
title={Understanding the Runtime Topology of Service-Oriented Systems},
year={2012},
month={Oct},
pages={187-196},
keywords={service-oriented architecture;software maintenance;software tools;topology;SOA;Serviz tool;operation time;runtime evolvable systems;runtime topology;service oriented architecture;service-oriented software systems;system disturbance;Maintenance engineering;Runtime;Service oriented architecture;Software systems;Topology;SOA;maintenance;monitoring;reengineering;reverse engineering;runtime topology;service-oriented systems;service-oriented systems topology;software topology;topology},
doi={10.1109/WCRE.2012.28},
ISSN={1095-1350},}


@INPROCEEDINGS{1602353,
author={Sneed, H.M.},
booktitle={Software Maintenance and Reengineering, 2006. CSMR 2006. Proceedings of the 10th European Conference on},
title={Integrating legacy software into a service oriented architecture},
year={2006},
month={March},
pages={11 pp.-14},
keywords={Internet;XML;integrated software;software architecture;software maintenance;software tools;Web service;Web services description language;XML;company software assets;legacy code;legacy program;legacy software;service oriented architecture;system integration;tool supported method;wrapping technology;Application software;Electronic mail;Information systems;Information technology;Service oriented architecture;Software systems;Technological innovation;Web services;Wrapping;XML;Service Oriented Architecture;WSDL;XML;legacy software;system integration;web services;wrapping},
doi={10.1109/CSMR.2006.28},
ISSN={1534-5351},}


@INPROCEEDINGS{S31_LiuYan:2008,
author={Yan Liu and Qingling Wang and Mingguang Zhuang and Yunyun Zhu},
booktitle={Computer Software and Applications, 2008. COMPSAC '08. 32nd Annual IEEE International},
title={Reengineering Legacy Systems with RESTful Web Service},
year={2008},
month={July},
pages={785-790},
keywords={Web services;business data processing;software maintenance;systems re-engineering;RESTful Web service;SOAP-RPC style services;Web 2.0 phenomenon;business information;business processes;legacy system reengineering;service oriented architecture;Application software;Buildings;Business process re-engineering;Computer applications;Information technology;Mashups;Protocols;Service oriented architecture;Web services;Wrapping;Legacy system;RESTful web service;Reengineering},
doi={10.1109/COMPSAC.2008.89},
ISSN={0730-3157},}


@INPROCEEDINGS{5428485,
author={Saunders, R.T.},
booktitle={System Sciences (HICSS), 2010 43rd Hawaii International Conference on},
title={Complex Software Systems in Legacy and Modern Environments: A Case Study of the PicklingTools Library},
year={2010},
month={Jan},
pages={1-10},
keywords={C++ language;library automation;software maintenance;C++ programming language;PicklingTools library;Python programming language;complex software systems;legacy product;multiple systems;open-source collection;Computer languages;Data structures;Dictionaries;Humans;Java;Open source software;Sockets;Software libraries;Software systems;TCPIP},
doi={10.1109/HICSS.2010.114},
ISSN={1530-1605},}


@INPROCEEDINGS{5544004,
author={Lakhani, F. and Pont, M.J.},
booktitle={System of Systems Engineering (SoSE), 2010 5th International Conference on},
title={Using design patterns to support migration between different system architectures},
year={2010},
month={June},
pages={1-6},
keywords={embedded systems;object-oriented methods;safety-critical software;software architecture;design patterns;event triggered software architecture;safety critical embedded systems;system architectures;time triggered software architectures;Application software;Computer architecture;Design engineering;Embedded software;Embedded system;Laboratories;Software architecture;Software safety;Software systems;Systems engineering and theory;Time-triggered;design patterns;event-triggered;pattern language},
doi={10.1109/SYSOSE.2010.5544004},}


@INPROCEEDINGS{4274029,
author={Chia-Chu Chiang and Bayrak, C.},
booktitle={Systems, Man and Cybernetics, 2006. SMC '06. IEEE International Conference on},
title={Legacy Software Modernization},
year={2006},
month={Oct},
volume={2},
pages={1304-1309},
keywords={program slicing;software maintenance;business rules extraction;component-based systems;heterogeneous computing;legacy code;legacy software modernization;reusable code;semi-automated program slicing technique;Application software;Computer architecture;Computer science;Cybernetics;Operating systems;Protocols;Software engineering;Software maintenance;Software systems;Wrapping},
doi={10.1109/ICSMC.2006.384895},}



@INPROCEEDINGS{4127291,
author={Smith, D. and Lewis, G.},
booktitle={Commercial-off-the-Shelf (COTS)-Based Software Systems, 2007. ICCBSS '07. Sixth International IEEE Conference on},
title={Developing Realistic Approaches for Migration of Legacy Assets to SOA Environments},
year={2007},
month={Feb},
pages={10-10},
keywords={software architecture;software maintenance;software reusability;SOA-based system development;legacy asset;service composition;service discovery;service invocation;service migration and reuse technique;Business;Professional communication;Semiconductor optical amplifiers;Service oriented architecture;Software engineering;Software systems;USA Councils},
doi={10.1109/ICCBSS.2007.14},}


@ARTICLE{6533975,
author={Salvatierra, G. and Mateos, C. and Crasso, M. and Zunino, A. and Campo, M.},
journal={Latin America Transactions, IEEE (Revista IEEE America Latina)},
title={Legacy System Migration Approaches},
year={2013},
month={March},
volume={11},
number={2},
pages={840-851},
keywords={expert systems;open systems;software maintenance;computational environments;hiring expert staff;interoperability issues;legacy system migration approaches;technologies background;Aging;Manuals;Semiconductor optical amplifiers;Service-oriented architecture;Unified modeling language;Black Box Modernization;Direct Migration;Indirect Migration;Legacy System Migration;Semi Automatic COBOL Migration;Services Oriented Architecture;System Modernization;System Replacement;White Box Modernization},
doi={10.1109/TLA.2013.6533975},
ISSN={1548-0992},}


@INPROCEEDINGS{1045054,
author={Elfatatry, A. and Layzell, P.},
booktitle={Computer Software and Applications Conference, 2002. COMPSAC 2002. Proceedings. 26th Annual International},
title={Software as a service: a negotiation perspective},
year={2002},
month={},
pages={501-506},
keywords={Internet;software engineering;Internet based computing;automated negotiation;intelligent solutions;rapid software system evolution;rapid software system production;software as a service;Application software;Context modeling;Context-aware services;Electronic commerce;Engineering management;Internet;Production systems;Social implications of technology;Software engineering;Software systems},
doi={10.1109/CMPSAC.2002.1045054},
ISSN={0730-3157},}


@INPROCEEDINGS{1602395,
author={Canfora, G. and Fasolino, A.R. and Frattolillo, G. and Tramontana, P.},
booktitle={Software Maintenance and Reengineering, 2006. CSMR 2006. Proceedings of the 10th European Conference on},
title={A flexible wrapper for the migration of interactive legacy system to Web services},
year={2006},
month={March},
pages={2 pp.-344},
keywords={Internet;interactive systems;object-oriented programming;software maintenance;Web services;flexible wrapper;form based legacy systems towards;interactive legacy system;legacy interface;service-oriented computing;Automata;Computer interfaces;Engines;Reverse engineering;Software architecture;Software systems;US Department of Transportation;Unified modeling language;Web services;Web sites},
doi={10.1109/CSMR.2006.2},
ISSN={1534-5351},}


@INPROCEEDINGS{S05_Lewis:2005,
author={Lewis, G. and Morris, E. and Smith, D.},
booktitle={Software Technology and Engineering Practice, 2005. 13th IEEE International Workshop on},
title={Service-Oriented Migration and Reuse Technique (SMART)},
year={2005},
month={},
pages={222-229},
keywords={open systems;software maintenance;software reusability;domain applications;domain services;interoperability;legacy components;legacy systems;service-oriented architecture;service-oriented migration;service-oriented reuse;Application software;Business;Communication standards;Computer architecture;Conferences;Service oriented architecture;Simple object access protocol;Software engineering;Standards publication;Web services},
doi={10.1109/STEP.2005.24},}


@INPROCEEDINGS{6821179,
author={Menychtas, A. and Santzaridou, C. and Kousiouris, G. and Varvarigou, T. and Orue-Echevarria, L. and Alonso, J. and Gorronogoitia, J. and Bruneliere, H. and Strauss, O. and Senkova, T. and Pellens, B. and Stuer, P.},
booktitle={Symbolic and Numeric Algorithms for Scientific Computing (SYNASC), 2013 15th International Symposium on},
title={ARTIST Methodology and Framework: A Novel Approach for the Migration of Legacy Software on the Cloud},
year={2013},
month={Sept},
pages={424-431},
keywords={business data processing;cloud computing;software maintenance;ARTIST methodology and framework;architectural design approach;business level;business models;business processes;cloud computing;cloud environments;cloud-based solutions;legacy software migration;model-driven approach;Aging;Analytical models;Biological system modeling;Business;Computational modeling;Reverse engineering;Software;Cloud Computing;Legacy Software;Methodology;Migration;Modelling;Modernization},
doi={10.1109/SYNASC.2013.62},}




@INPROCEEDINGS{S32_Brien:2005,
author={O'Brien, L. and Smith, D. and Lewis, G.},
booktitle={Software Technology and Engineering Practice, 2005. 13th IEEE International Workshop on},
title={Supporting Migration to Services using Software Architecture Reconstruction},
year={2005},
month={},
pages={81-91},
keywords={software architecture;software maintenance;software reusability;systems re-engineering;legacy component identification;legacy component reuse;product streamlining;service-oriented architecture;software architecture reconstruction;system modernization;Computer architecture;Conferences;Decision making;Scalability;Service oriented architecture;Simple object access protocol;Software architecture;Software engineering;Software measurement;Web services;Architecture;Architecture Reconstruction;Migration to Services;Oriented Architecture;Service;System Modernization.},
doi={10.1109/STEP.2005.29},}


@ARTICLE{4385255,
author={Papazoglou, M.P. and Traverso, P. and Dustdar, S. and Leymann, F.},
journal={Computer},
title={Service-Oriented Computing: State of the Art and Research Challenges},
year={2007},
month={Nov},
volume={40},
number={11},
pages={38-45},
keywords={Web services;business data processing;object-oriented programming;software architecture;SOA;SOC research road map;Web services;agile applications;application component assembling;dynamic business processes;service-oriented computing;Application software;Availability;Environmental management;Load management;Middleware;Monitoring;Quality of service;Roads;Robustness;Service oriented architecture;SOC paradigm;Web services;enterprise services;service orientation},
doi={10.1109/MC.2007.400},
ISSN={0018-9162},}


@inproceedings{Nuseibeh:2000:RER:336512.336523,
 author = {Nuseibeh, Bashar and Easterbrook, Steve},
 title = {Requirements Engineering: A Roadmap},
 booktitle = {Proceedings of the Conference on The Future of Software Engineering},
 series = {ICSE '00},
 year = {2000},
 isbn = {1-58113-253-0},
 location = {Limerick, Ireland},
 pages = {35--46},
 numpages = {12},
 url = {http://doi.acm.org/10.1145/336512.336523},
 doi = {10.1145/336512.336523},
 acmid = {336523},
 publisher = {ACM},
 address = {New York, NY, USA},
} 


@article{S3_Bisbal:1999,
  title={Legacy information systems: Issues and directions},
  author={Bisbal, Jes{\'u}s and Lawless, Deirdre and Wu, Bing and Grimson, Jane},
  journal={IEEE software},
  number={5},
  pages={103--111},
  year={1999},
  publisher={IEEE}
}

@article{de2008developing,
  title={Developing legacy system migration methods and tools for technology transfer},
  author={De Lucia, Andrea and Francese, Rita and Scanniello, Giuseppe and Tortora, Genoveffa},
  journal={Software: Practice and Experience},
  volume={38},
  number={13},
  pages={1333--1364},
  year={2008},
  publisher={Wiley Online Library}
}

@article{S10_canfora2000decomposing,
  title={Decomposing legacy programs: A first step towards migrating to client--server platforms},
  author={Canfora, Gerardo and Cimitile, Aniello and De Lucia, Andrea and Di Lucca, Giuseppe A},
  journal={Journal of Systems and Software},
  volume={54},
  number={2},
  pages={99--110},
  year={2000},
  publisher={Elsevier}
}


@article{S9_bianchi:2003,
  title={Iterative reengineering of legacy systems},
  author={Bianchi, Alessandro and Caivano, Danilo and Marengo, Vittorio and Visaggio, Giuseppe},
  journal={Software Engineering, IEEE Transactions on},
  volume={29},
  number={3},
  pages={225--241},
  year={2003},
  publisher={IEEE}
}

@article{S2_erlikh:2000,
  title={Leveraging legacy system dollars for e-business},
  author={Erlikh, Len},
  journal={IT professional},
  volume={2},
  number={3},
  pages={17--23},
  year={2000},
  publisher={IEEE}
}

@incollection{S16_fleurey2007model:2007,
  title={Model-driven engineering for software migration in a large industrial context},
  author={Fleurey, Franck and Breton, Erwan and Baudry, Benoit and Nicolas, Alain and J{\'e}z{\'e}quel, Jean-Marc},
  booktitle={Model Driven Engineering Languages and Systems},
  pages={482--497},
  year={2007},
  publisher={Springer}
}

@inproceedings{S01_bennett2000software,
  title={Software maintenance and evolution: a roadmap},
  author={Bennett, Keith H and Rajlich, V{\'a}clav T},
  booktitle={Proceedings of the Conference on the Future of Software Engineering},
  pages={73--87},
  year={2000},
  organization={ACM}
}

@inproceedings{erradi2006evaluation,
  title={Evaluation of strategies for integrating legacy applications as services in a service oriented architecture},
  author={Erradi, Abdelkarim and Anand, Sriram and Kulkarni, Naveen},
  booktitle={Services Computing, 2006. SCC'06. IEEE International Conference on},
  pages={257--260},
  year={2006},
  organization={IEEE}
}

@inproceedings{bovenzi2003enabling,
  title={Enabling legacy system accessibility by web heterogeneous clients},
  author={Bovenzi, Diego and Canfora, Gerardo and Fasolino, Anna Rita},
  booktitle={Software Maintenance and Reengineering, 2003. Proceedings. Seventh European Conference on},
  pages={73--81},
  year={2003},
  organization={IEEE}
}


@article{chiang2001wrapping,
  title={Wrapping legacy systems for use in heterogeneous computing environments},
  author={Chiang, Chia-Chu},
  journal={Information and Software Technology},
  volume={43},
  number={8},
  pages={497--507},
  year={2001},
  publisher={Elsevier}
}


@article{S30_litoiu2004migrating:2004,
  title={Migrating to web services: a performance engineering approach},
  author={Litoiu, Marin},
  journal={Journal of Software Maintenance and Evolution: Research and Practice},
  volume={16},
  number={1-2},
  pages={51--70},
  year={2004},
  publisher={Wiley Online Library}
}

@article{serrano2002reengineering,
  title={Reengineering legacy systems for distributed environments},
  author={Serrano, Miguel A and Carver, Doris L and de Oca, Carlos Montes},
  journal={Journal of Systems and Software},
  volume={64},
  number={1},
  pages={37--55},
  year={2002},
  publisher={Elsevier}
}

@inproceedings{S18_lewis2006analyzing:2006,
  title={Analyzing the reuse potential of migrating legacy components to a service-oriented architecture},
  author={Lewis, Grace and Morris, Edwin and Smith, Dennis},
  booktitle={Software Maintenance and Reengineering, 2006. CSMR 2006. Proceedings of the 10th European Conference on},
  pages={9--pp},
  year={2006},
  organization={IEEE}
}

@inproceedings{zdun2002reengineering,
  title={Reengineering to the web: A reference architecture},
  author={Zdun, Uwe},
  booktitle={Software Maintenance and Reengineering, 2002. Proceedings. Sixth European Conference on},
  pages={164--173},
  year={2002},
  organization={IEEE}
}


@inproceedings{moore2000migrating,
  title={Migrating legacy user interfaces to the internet: shifting dialogue initiative},
  author={Moore, Melody M and Moshkina, Lilia},
  booktitle={Reverse Engineering, 2000. Proceedings. Seventh Working Conference on},
  pages={52--58},
  year={2000},
  organization={IEEE}
}

@article{sneed2000encapsulation,
  title={Encapsulation of legacy software: A technique for reusing legacy software components},
  author={Sneed, Harry M},
  journal={Annals of Software Engineering},
  volume={9},
  number={1-2},
  pages={293--313},
  year={2000},
  publisher={Springer}
}

@article{weiderman1997implications,
  title={Implications of distributed object technology for reengineering},
  author={Weiderman, Nelson and Northrop, Linda and Smith, Dennis B and Tilley, Scott and Wallnau, Kurt C},
  year={1997}
}

@inproceedings{S13_ransom1998method,
  title={A method for assessing legacy systems for evolution},
  author={Ransom, Jane and Somerville, I and Warren, Ian},
  booktitle={Software Maintenance and Reengineering, 1998. Proceedings of the Second Euromicro Conference on},
  pages={128--134},
  year={1998},
  organization={IEEE}
}

@article{S24_visaggio2000value:2000,
  title={Value-based decision model for renewal processes in software maintenance},
  author={Visaggio, Giuseppe},
  journal={Annals of Software Engineering},
  volume={9},
  number={1-2},
  pages={215--233},
  year={2000},
  publisher={Springer}
}

@inproceedings{S23_warren2002renaissance,
  title={Renaissance: a method to support software system evolution},
  author={Warren, Ian and Ransom, Jane},
  booktitle={Computer Software and Applications Conference, 2002. COMPSAC 2002. Proceedings. 26th Annual International},
  pages={415--420},
  year={2002},
  organization={IEEE}
}

@article{visaggio2000value,
  title={Value-based decision model for renewal processes in software maintenance},
  author={Visaggio, Giuseppe},
  journal={Annals of Software Engineering},
  volume={9},
  number={1-2},
  pages={215--233},
  year={2000},
  publisher={Springer}
}

@inproceedings{S13_wu1997butterfly:1997,
  title={The butterfly methodology: A gateway-free approach for migrating legacy information systems},
  author={Wu, Bing and Lawless, Deirdre and Bisbal, Jesus and Richardson, Ray and Grimson, Jane and Wade, Vincent and O'Sullivan, Donie},
  booktitle={Engineering of Complex Computer Systems, 1997. Proceedings., Third IEEE International Conference on},
  pages={200--205},
  year={1997},
  organization={IEEE}
}

@article{colosimo2009evaluating,
  title={Evaluating legacy system migration technologies through empirical studies},
  author={Colosimo, Massimo and De Lucia, Andrea and Scanniello, Giuseppe and Tortora, Genoveffa},
  journal={Information and Software Technology},
  volume={51},
  number={2},
  pages={433--447},
  year={2009},
  publisher={Elsevier}
}


@inproceedings{S34_smith2007migration:2007,
  title={Migration of legacy assets to service-oriented architecture environments},
  author={Smith, Dennis},
  booktitle={Companion to the proceedings of the 29th International Conference on Software Engineering},
  pages={174--175},
  year={2007},
  organization={IEEE Computer Society}
}

@article{wieringa2006requirements,
  title={Requirements engineering paper classification and evaluation criteria: a proposal and a discussion},
  author={Wieringa, Roel and Maiden, Neil and Mead, Nancy and Rolland, Colette},
  journal={Requirements Engineering},
  volume={11},
  number={1},
  pages={102--107},
  year={2006},
  publisher={Springer}
}

@inproceedings{merson2013ultimate,
  title={Ultimate architecture enforcement: custom checks enforced at code-commit time},
  author={Merson, Paulo},
  booktitle={Proceedings of the 2013 companion publication for conference on Systems, programming, \& applications: software for humanity},
  pages={153--160},
  year={2013},
  organization={ACM}
}

@book{SOAPractice:2007,
  title={SOA in practice: the art of distributed system design},
  author={Josuttis, Nicolai M},
  year={2007},
  publisher={" O'Reilly Media, Inc."}
}

@article{OASISRefArch:2012,
  title={Reference model for service oriented architecture 1.0},
  author={MacKenzie, C Matthew and Laskey, Ken and McCabe, Francis and Brown, Peter F and Metz, Rebekah and Hamilton, Booz Allen},
  journal={OASIS Standard},
  volume={12},
  year={2012}
}

@electronic{PortalUnB:2015,
        Author = {{UnB}},
        Date-Added = {2015-06-06 17:33:21 -0300},
        Date-Modified = {2015-06-06 17:33:46 -0300},
        Lastchecked = {1 jun. 2015},
        Note = {Acesso em 11/05/2015},
        Organization = {UnB},
        Title = {Portal da Universidade},
        Url = {http://www.unb.br/administracao},
        Year = {2015}}
        

@electronic{PortalCPD:2015,
        Author = {{CPD/UnB}},
        Date-Added = {2015-06-06 17:33:21 -0300},
        Date-Modified = {2015-06-06 17:33:46 -0300},
        Lastchecked = {5 jul. 2015},
        Note = {Acesso em 14/05/2015},
        Organization = {CPD},
        Title = {Portal do Centro de Informática},
        Url = {http://www.cpd.unb.br},
        Year = {2015}}
        
@electronic{PortalRU:2015,
        Author = {{RU/UnB}},
        Date-Added = {2015-06-06 17:33:21 -0300},
        Date-Modified = {2015-06-06 17:33:46 -0300},
        Lastchecked = {20 jul. 2015},
        Note = {Acesso em 20/07/2015},
        Organization = {RU},
        Title = {Portal do Restaurante Universitário},
        Url = {http://www.ru.unb.br/informacoes-gerais},
        Year = {2015}}

@electronic{PDTIUNB:2011,
        Author = {{CPD/UnB}},
        Date-Added = {2015-06-06 17:33:21 -0300},
        Date-Modified = {2015-06-06 17:33:46 -0300},
        Lastchecked = {29 jul. 2015},
        Note = {Acesso em 29/07/2015},
        Organization = {CPD},
        Title = {Plano Diretor de Tecnologia da Informação 2010-2011},
        Url = {http://www.cpd.unb.br/images/PDTI_2010/PDTI%20UNB%202010-2011.pdf},
        Year = {2015}}




